@Article{Zhang2019,
author="Zhang, Zhongya
and Jin, Xiaoguang
and Bi, Jing",
title="Development of an SPH-based method to simulate the progressive failure of cohesive soil slope",
journal="Environmental Earth Sciences",
year="2019",
month="Aug",
day="20",
volume="78",
number="17",
pages="537",
abstract="The landslide of cohesive soil slope is generally characterized by deformation and failure behaviors involving strain softening and strain-dependent dilation. However, numerical simulation of these complex behaviors remains a challenge since no available soil constitutive model can incorporate all these features. To resolve this problem, a smoothed particle hydrodynamics (SPH)-based approach is developed to simulate the landslide of cohesive soil slope. The cohesive soil slope is modeled as elasto-plastic material with Drucker--Prager yield criterion, and the corresponding softening effect is introduced into Drucker--Prager criterion by treating cohesion as a scalar function of accumulative plastic strain rate. To reduce excessive volume expansion, strain-dependent dilation is fulfilled in a straightforward manner by assuming the dilation angle as a function of volumetric and axial plastic strain increment. Numerical collapse test of cohesive soil pile on a flat plane is conducted to validate the proposed SPH-based approach. The further deformation triggered by softening effect is obtained. The obtained results are compared with those of existing SPH-based method and FEM simulation. Finally, the proposed SPH-based approach is applied to simulate the landslide of an actual cohesive soil slope. The simulation results, including deposit, run out distance, slip surface and final outline, are compared with the field data and classical FEM simulation.",
issn="1866-6299",
doi="10.1007/s12665-019-8507-6",
url="https://doi.org/10.1007/s12665-019-8507-6"
}

@article{de2021karamelo,
  title={Karamelo: an open source parallel C++ package for the material point method},
  author={de Vaucorbeil, Alban and Nguyen, Vinh Phu and Nguyen-Thanh, Chi},
  journal={Computational Particle Mechanics},
  volume={8},
  number={4},
  pages={767--789},
  year={2021},
  publisher={Springer}
}


@article{huang_kernel_2019,
    title = {A kernel gradient-free {SPH} method with iterative particle shifting technology for modeling low-{Reynolds} flows around airfoils},
    volume = {106},
    issn = {09557997},
    doi = {10.1016/j.enganabound.2019.06.010},
    language = {en},
    journal = {Engineering Analysis with Boundary Elements},
    author = {Huang, C. and Long, T. and Li, S.M. and Liu, M.B.},
    month = sep,
    year = {2019},
    pages = {571--587},
}

@article{adepu2021corrected,
  title={A corrected transport-velocity formulation for fluid and structural mechanics with SPH},
  author={Adepu, Dinesh and Ramachandran, Prabhu},
  journal={arXiv preprint arXiv:2106.00756},
  year={2021}
}

@incollection{libersky1991smooth,
  title={Smooth particle hydrodynamics with strength of materials},
  author={Libersky, Larry D and Petschek, Albert G},
  booktitle={Advances in the free-Lagrange method including contributions on adaptive gridding and the smooth particle hydrodynamics method},
  pages={248--257},
  year={1991},
  publisher={Springer}
}

@article{swegle1995smoothed,
  title={Smoothed particle hydrodynamics stability analysis},
  author={Swegle, Jeff W and Hicks, Darrell L and Attaway, SW13152120818},
  journal={Journal of computational physics},
  volume={116},
  number={1},
  pages={123--134},
  year={1995},
  publisher={Elsevier}
}

@article{gray2001sph,
  title={SPH elastic dynamics},
  author={Gray, James P and Monaghan, Joseph J and Swift, RP1021},
  journal={Computer methods in applied mechanics and engineering},
  volume={190},
  number={49-50},
  pages={6641--6662},
  year={2001},
  publisher={Elsevier}
}

@article{monaghan2000sph,
  title={SPH without a tensile instability},
  author={Monaghan, Joseph J},
  journal={Journal of computational physics},
  volume={159},
  number={2},
  pages={290--311},
  year={2000},
  publisher={Elsevier}
}

@article{sugiura2017extension,
  title={An extension of Godunov SPH II: Application to elastic dynamics},
  author={Sugiura, Keisuke and Inutsuka, Shu-ichiro},
  journal={Journal of Computational Physics},
  volume={333},
  pages={78--103},
  year={2017},
  publisher={Elsevier}
}

@article{dyka1995approach,
  title={An approach for tension instability in smoothed particle hydrodynamics (SPH)},
  author={Dyka, CT and Ingel, RP},
  journal={Computers \& structures},
  volume={57},
  number={4},
  pages={573--580},
  year={1995},
  publisher={Elsevier}
}

@article{zhang2017generalized,
  title={A generalized transport-velocity formulation for smoothed particle hydrodynamics},
  author={Zhang, Chi and Hu, Xiangyu Y and Adams, Nikolaus A},
  journal={Journal of Computational Physics},
  volume={337},
  pages={216--232},
  year={2017},
  publisher={Elsevier}
}

@article{adami2013transport,
  title={A transport-velocity formulation for smoothed particle hydrodynamics},
  author={Adami, Stefan and Hu, XY and Adams, Nikolaus A},
  journal={Journal of Computational Physics},
  volume={241},
  pages={292--307},
  year={2013},
  publisher={Elsevier}
}

@article{lobovsky2007smoothed,
  title={Smoothed particle hydrodynamics modelling of fluids and solids},
  author={Lobovsk{\`y}, Libor and K{\v{r}}en, Ji{\v{r}}{\'\i}},
  year={2007},
  journal={Applied and Computational Mechanics},
  volume={1},
  pages={521--530}
}

@article{bonet2002alternative,
  title={Alternative total lagrangian formulations for corrected smooth particle hydrodynamics (CSPH) methods in large strain dynamic problems},
  author={Bonet, Javier and Kulasegaram, Sivakumar},
  journal={Revue Europ{\'e}enne des {\'E}l{\'e}ments Finis},
  volume={11},
  number={7-8},
  pages={893--912},
  year={2002},
  publisher={Taylor \& Francis}
}

@article{vignjevic2006sph,
  title={SPH in a total Lagrangian formalism},
  author={Vignjevic, Rade and Reveles, Juan R and Campbell, James},
  journal={CMC-Tech Science Press-},
  volume={4},
  number={3},
  pages={181},
  year={2006},
  publisher={TECH SCIENCE PRESS}
}

@article{belytschko2000unified,
  title={A unified stability analysis of meshless particle methods},
  author={Belytschko, Ted and Guo, Yong and Kam Liu, Wing and Ping Xiao, Shao},
  journal={International Journal for Numerical Methods in Engineering},
  volume={48},
  number={9},
  pages={1359--1400},
  year={2000},
  publisher={Wiley Online Library}
}

@article{yan2021simulation,
  title={Simulation of contact interface between elastic solids using smoothed particle hydrodynamics},
  author={Yan, Rui and Bi, Yong-qiang and Jiang, Wei},
  journal={Computational Particle Mechanics},
  pages={1--11},
  year={2021},
  publisher={Springer}
}

@article{vyas2021collisional,
  title={Collisional SPH: A method to model frictional collisions with SPH},
  author={Vyas, Dhairya R and Cummins, Sharen J and Rudman, Murray and Cleary, Paul W and Delaney, Gary W and Khakhar, Devang V},
  journal={Applied Mathematical Modelling},
  volume={94},
  pages={13--35},
  year={2021},
  publisher={Elsevier}
}

@article{mohseni2021particle,
  title={Particle-Based Numerical Simulation Study of Solid Particle Erosion of Ductile Materials Leading to an Erosion Model, Including the Particle Shape Effect},
  author={Mohseni-Mofidi, Shoya and Drescher, Eric and Kruggel-Emden, Harald and Teschner, Matthias and Bierwisch, Claas},
  journal={Materials},
  volume={15},
  number={1},
  pages={286},
  year={2021},
  publisher={MDPI}
}

@article{gingold1977smoothed,
  title={Smoothed particle hydrodynamics: theory and application to non-spherical stars},
  author={Gingold, Robert A and Monaghan, Joseph J},
  journal={Monthly notices of the royal astronomical society},
  volume={181},
  number={3},
  pages={375--389},
  year={1977},
  publisher={Oxford University Press Oxford, UK}
}

@article{lucy1977numerical,
  title={A numerical approach to the testing of the fission hypothesis},
  author={Lucy, Leon B},
  journal={The astronomical journal},
  volume={82},
  pages={1013--1024},
  year={1977}
}

@article{khayyer2018enhanced,
  title={An enhanced ISPH--SPH coupled method for simulation of incompressible fluid--elastic structure interactions},
  author={Khayyer, Abbas and Gotoh, Hitoshi and Falahaty, Hosein and Shimizu, Yuma},
  journal={Computer Physics Communications},
  volume={232},
  pages={139--164},
  year={2018},
  publisher={Elsevier}
}

@article{he2017coupled,
  title={A coupled WC-TL SPH method for simulation of hydroelastic problems},
  author={He, Jiandong and Tofighi, Nima and Yildiz, Mehmet and Lei, Juanmian and Suleman, Afzal},
  journal={International Journal of Computational Fluid Dynamics},
  volume={31},
  number={3},
  pages={174--187},
  year={2017},
  publisher={Taylor \& Francis}
}

@article{bui2008lagrangian,
  title={Lagrangian meshfree particles method (SPH) for large deformation and failure flows of geomaterial using elastic--plastic soil constitutive model},
  author={Bui, Ha H and Fukagawa, Ryoichi and Sako, Kazunari and Ohno, Shintaro},
  journal={International journal for numerical and analytical methods in geomechanics},
  volume={32},
  number={12},
  pages={1537--1570},
  year={2008},
  publisher={Wiley Online Library}
}

@article{bui2021smoothed,
  title={Smoothed particle hydrodynamics (SPH) and its applications in geomechanics: From solid fracture to granular behaviour and multiphase flows in porous media},
  author={Bui, Ha H and Nguyen, Giang D},
  journal={Computers and Geotechnics},
  volume={138},
  pages={104315},
  year={2021},
  publisher={Elsevier}
}

@article{monaghan2012smoothed,
  title={Smoothed particle hydrodynamics and its diverse applications},
  author={Monaghan, Joseph J},
  journal={Annual Review of Fluid Mechanics},
  volume={44},
  pages={323--346},
  year={2012},
  publisher={Annual Reviews}
}

@article{dong2016smoothed,
  title={A smoothed particle hydrodynamics (SPH) model for simulating surface erosion by impacts of foreign particles},
  author={Dong, XW and Liu, GR and Li, Zengliang and Zeng, W},
  journal={Tribology International},
  volume={95},
  pages={267--278},
  year={2016},
  publisher={Elsevier}
}

@article{randles1996smoothed,
  title={Smoothed particle hydrodynamics: some recent improvements and applications},
  author={Randles, PW and Libersky, Larry D},
  journal={Computer methods in applied mechanics and engineering},
  volume={139},
  number={1-4},
  pages={375--408},
  year={1996},
  publisher={Elsevier}
}

@inproceedings{dalrymple2001sph,
  title={SPH modelling of water waves},
  author={Dalrymple, Robert A and Knio, Omar},
  booktitle={Coastal dynamics' 01},
  pages={779--787},
  year={2001}
}

@article{shao2003incompressible,
  title={Incompressible SPH method for simulating Newtonian and non-Newtonian flows with a free surface},
  author={Shao, Songdong and Lo, Edmond YM},
  journal={Advances in water resources},
  volume={26},
  number={7},
  pages={787--800},
  year={2003},
  publisher={Elsevier}
}

@article{natarajan2020abrasive,
  title={Abrasive Water Jet Machining process: A state of art of review},
  author={Natarajan, Yuvaraj and Murugesan, Pradeep Kumar and Mohan, Mugilvalavan and Khan, Shakeel Ahmed Liyakath Ali},
  journal={Journal of Manufacturing Processes},
  volume={49},
  pages={271--322},
  year={2020},
  publisher={Elsevier}
}

@article{zhou2022mortar,
  title={A mortar segment-to-segment contact method for stabilized total-Lagrangian smoothed particle hydrodynamics},
  author={Zhou, Mozhen and Fang, Qian and Peng, Chong},
  journal={Applied Mathematical Modelling},
  volume={107},
  pages={20--38},
  year={2022},
  publisher={Elsevier}
}

@article{thornton2011investigation,
  title={An investigation of the comparative behaviour of alternative contact force models during elastic collisions},
  author={Thornton, Colin and Cummins, Sharen J and Cleary, Paul W},
  journal={Powder Technology},
  volume={210},
  number={3},
  pages={189--197},
  year={2011},
  publisher={Elsevier}
}

@inproceedings{das2014numerical,
  title={Numerical simulation of an ice beam in four-point bending using SPH},
  author={Das, Jitapriya and Poli{\'c}, Dra{\v{z}}en and Ehlers, S{\"o}ren and Amdahl, J{\o}rgen},
  booktitle={International Conference on Offshore Mechanics and Arctic Engineering},
  volume={45561},
  pages={V010T07A013},
  year={2014},
  organization={American Society of Mechanical Engineers}
}

@article{gotoh2021entirely,
  title={Entirely Lagrangian meshfree computational methods for hydroelastic fluid-structure interactions in ocean engineering-Reliability, adaptivity and generality},
  author={Gotoh, Hitoshi and Khayyer, Abbas and Shimizu, Yuma},
  journal={Applied Ocean Research},
  volume={115},
  pages={102822},
  year={2021},
  publisher={Elsevier}
}

@article{cleary2010elastoplastic,
  title={Elastoplastic deformation during projectile--wall collision},
  author={Cleary, Paul W},
  journal={Applied Mathematical Modelling},
  volume={34},
  number={2},
  pages={266--283},
  year={2010},
  publisher={Elsevier}
}

@article{islam2020numerical,
  title={Numerical simulation of metal machining process with Eulerian and Total Lagrangian SPH},
  author={Islam, Md Rushdie Ibne and Bansal, Ankur and Peng, Chong},
  journal={Engineering Analysis with Boundary Elements},
  volume={117},
  pages={269--283},
  year={2020},
  publisher={Elsevier}
}

@article{rodrigues2019elastic,
  title={Elastic and plastic collision comparison using finite element method},
  author={Rodrigues, Gustavo and Weber, Hans and Driemeier, Larissa},
  journal={International Journal of Mechanical and Mechatronics Engineering},
  volume={13},
  number={5},
  pages={354--358},
  year={2019}
}

@article{sulsky1994particle,
  title={A particle method for history-dependent materials},
  author={Sulsky, Deborah and Chen, Zhen and Schreyer, Howard L},
  journal={Computer methods in applied mechanics and engineering},
  volume={118},
  number={1-2},
  pages={179--196},
  year={1994},
  publisher={Elsevier}
}

@article{zhan2021surface,
  title={A surface mesh represented discrete element method (SMR-DEM) for particles of arbitrary shape},
  author={Zhan, Ling and Peng, Chong and Zhang, Bingyin and Wu, Wei},
  journal={Powder Technology},
  volume={377},
  pages={760--779},
  year={2021},
  publisher={Elsevier}
}


@article{automan2018,
author = {Prabhu Ramachandran},
journal = {Computing in Science \& Engineering},
title = {automan: A Python-Based Automation Framework for Numerical Computing},
year = {2018},
volume = {20},
number = {5},
pages = {81-97},
doi = {10.1109/MCSE.2018.05329818},
}

@article{monaghan2005smoothed,
  title={Smoothed particle hydrodynamics},
  author={Monaghan, Joe J},
  journal={Reports on progress in physics},
  volume={68},
  number={8},
  pages={1703},
  year={2005},
  publisher={IOP Publishing}
}


@Article{acc_stab_xu:jcp:2009,
  author =       {Rui Xu and Peter Stansby and Dominique Laurence},
  title =        {Accuracy and stability in incompressible SPH ({ISPH}) based on the projection method and a new approach},
  journal =      {Journal of Computational Physics},
  year =         2009,
  volume =    228,
  number =    18,
  pages =     {6703--6725},
  doi = {10.1016/j.jcp.2009.05.032}
  }

@article{guilkey2001improved,
  title={Improved contact algorithm for the material point method and application to stress propagation in granular material},
  author={Guilkey, James Edward and Bardenhagen, SG and Roessig, KM and Brackbill, JU and Witzel, WM and Foster, JC},
  year={2001},
  publisher={Tech Science Press}
}

@article{de2021modelling,
  title={Modelling contacts with a total Lagrangian material point method},
  author={de Vaucorbeil, Alban and Nguyen, Vinh Phu},
  journal={Computer Methods in Applied Mechanics and Engineering},
  volume={373},
  pages={113503},
  year={2021},
  publisher={Elsevier}
}
